<record xmlns="http://www.loc.gov/MARC21/slim" xmlns:xsi="http://www.w3.org/2001/XMLSchema-instance" xsi:schemaLocation="http://www.loc.gov/MARC21/slim http://www.loc.gov/standards/marcxml/schema/MARC21slim.xsd"><leader>01854cz   2200397n  4500</leader><controlfield tag="001">oca00275191 </controlfield><controlfield tag="005">20000414064315.0</controlfield><controlfield tag="008">790427n| acannaabn          |a aaa      </controlfield><datafield ind1=" " ind2=" " tag="010"><subfield code="a">n  79041738 </subfield></datafield><datafield ind1=" " ind2=" " tag="040"><subfield code="a">DLC</subfield><subfield code="b">eng</subfield><subfield code="c">DLC</subfield><subfield code="d">DLC</subfield><subfield code="d">NjP</subfield><subfield code="d">DLC</subfield><subfield code="d">NIC</subfield><subfield code="d">DLC</subfield><subfield code="d">OCoLC</subfield></datafield><datafield ind1="0" ind2=" " tag="100"><subfield code="a">Ovid,</subfield><subfield code="d">43 B.C.-17 or 18 A.D.</subfield></datafield><datafield ind1="1" ind2=" " tag="400"><subfield code="a">Ovidio NasoÌ&#x81;n, P.,</subfield><subfield code="d">43 B.C.-17 or 18 A.D.</subfield></datafield><datafield ind1="1" ind2=" " tag="400"><subfield code="a">Ovidius Naso, Publius,</subfield><subfield code="d">43 B.C.-17 or 18 A.D.</subfield></datafield><datafield ind1="0" ind2=" " tag="400"><subfield code="a">P. Ovidius Naso,</subfield><subfield code="d">43 B.C.-17 or 18 A.D.</subfield></datafield><datafield ind1="0" ind2=" " tag="400"><subfield code="a">PubliiÌ&#x86; OvidiiÌ&#x86; Nazon,</subfield><subfield code="d">43 B.C.-17 or 18 A.D.</subfield></datafield><datafield ind1="0" ind2=" " tag="400"><subfield code="a">Publio Ovidio Nasone,</subfield><subfield code="d">43 B.C.-17 or 18 A.D.</subfield></datafield><datafield ind1="1" ind2=" " tag="400"><subfield code="a">Ovidio Nasone, Publio,</subfield><subfield code="d">43 B.C.-17 or 18 A.D.</subfield></datafield><datafield ind1="1" ind2=" " tag="400"><subfield code="a">OvidiiÌ&#x86; Nazon, PubliiÌ&#x86;,</subfield><subfield code="d">43 B.C.-17 or 18 A.D.</subfield></datafield><datafield ind1="1" ind2=" " tag="400"><subfield code="a">Ovidius Naso, P.,</subfield><subfield code="d">43 B.C.-17 or 18 A.D.</subfield></datafield><datafield ind1="0" ind2=" " tag="400"><subfield code="a">OvidiiÌ&#x86;,</subfield><subfield code="d">43 B.C.-17 or 18 A.D.</subfield></datafield><datafield ind1="0" ind2=" " tag="400"><subfield code="a">Nazon,</subfield><subfield code="d">43 B.C.-17 or 18 A.D.</subfield></datafield><datafield ind1="0" ind2=" " tag="400"><subfield code="a">Owidiusz,</subfield><subfield code="d">43 B.C.-17 or 18 A.D.</subfield></datafield><datafield ind1="0" ind2=" " tag="400"><subfield code="a">UÌ&#x84;viÌ&#x84;d,</subfield><subfield code="d">43 B.C.-17 or 18 A.D.</subfield></datafield><datafield ind1="0" ind2=" " tag="400"><subfield code="a">Ovidiu,</subfield><subfield code="d">43 B.C.-17 or 18 A.D.</subfield></datafield><datafield ind1="0" ind2=" " tag="400"><subfield code="a">Ovide,</subfield><subfield code="d">43 B.C.-17 or 18 A.D.</subfield></datafield><datafield ind1="0" ind2=" " tag="400"><subfield code="a">Ouidio,</subfield><subfield code="d">43 B.C.-17 or 18 A.D.</subfield></datafield><datafield ind1="0" ind2=" " tag="400"><subfield code="a">Ovidio,</subfield><subfield code="d">43 B.C.-17 or 18 A.D.</subfield></datafield><datafield ind1="0" ind2=" " tag="400"><subfield code="a">Ovidios,</subfield><subfield code="d">43 B.C.-17 or 18 A.D.</subfield></datafield><datafield ind1=" " ind2=" " tag="667"><subfield code="a">Old catalog heading: Ovidius Naso, Publius</subfield></datafield><datafield ind1=" " ind2=" " tag="670"><subfield code="a">RaÌ&#x86;dulescu, A. Ovidiu la Pontul Euxin, 1981:</subfield><subfield code="b">t.p. etc. (Ovidiu)</subfield></datafield><datafield ind1=" " ind2=" " tag="670"><subfield code="a">His Metamorfosis, 1982- :</subfield><subfield code="b">t.p. (P. Ovidio NasoÌ&#x81;n)</subfield></datafield><datafield ind1=" " ind2=" " tag="670"><subfield code="a">Col. sur Ovide (1983 : Hermitage de ParmeÌ&#x81;nie). JourneÌ&#x81;es ovidiennes de ParmeÌ&#x81;nie, 1985:</subfield><subfield code="b">t.p. (Ovide)</subfield></datafield><datafield ind1=" " ind2=" " tag="670"><subfield code="a">His Tutti gli libri de Ouidio Metamorphoseos, 1522:</subfield><subfield code="b">t.p. (Ouidio; on t.p. ill.: Ovidio)</subfield></datafield><datafield ind1=" " ind2=" " tag="670"><subfield code="a">His Remedia amoris, 1988:</subfield><subfield code="b">t.p. (Publio Ovidio Nasone)</subfield></datafield><datafield ind1=" " ind2=" " tag="670"><subfield code="a">His Ovidiou MetamorphoÌ&#x84;seoÌ&#x84;n vivlia pentekaideka, 1908.</subfield></datafield><datafield ind1=" " ind2=" " tag="670"><subfield code="a">His Der XII. Heroidenbrief--Medea an Jason, 1997:</subfield><subfield code="b">t.p. (P. Ovidius Naso)</subfield></datafield></record>